[
  {
    "__type__": "cc.Prefab",
    "_name": "",
    "_objFlags": 0,
    "_native": "",
    "data": {
      "__id__": 1
    },
    "optimizationPolicy": 0,
    "asyncLoadAssets": false,
    "readonly": false
  },
  {
    "__type__": "cc.Node",
    "_name": "mapGoblin_3",
    "_objFlags": 0,
    "_parent": null,
    "_children": [
      {
        "__id__": 2
      },
      {
        "__id__": 6
      }
    ],
    "_active": true,
    "_components": [],
    "_prefab": {
      "__id__": 17
    },
    "_opacity": 255,
    "_color": {
      "__type__": "cc.Color",
      "r": 255,
      "g": 255,
      "b": 255,
      "a": 255
    },
    "_contentSize": {
      "__type__": "cc.Size",
      "width": 0,
      "height": 0
    },
    "_anchorPoint": {
      "__type__": "cc.Vec2",
      "x": 0.5,
      "y": 0.5
    },
    "_trs": {
      "__type__": "TypedArray",
      "ctor": "Float64Array",
      "array": [
        -56.67744,
        660.9687,
        0,
        0,
        0,
        0,
        1,
        0.5048,
        0.5048,
        0.5048
      ]
    },
    "_eulerAngles": {
      "__type__": "cc.Vec3",
      "x": 0,
      "y": 0,
      "z": 0
    },
    "_skewX": 0,
    "_skewY": 0,
    "_is3DNode": false,
    "_groupIndex": 0,
    "groupIndex": 0,
    "_id": ""
  },
  {
    "__type__": "cc.Node",
    "_name": "layout",
    "_objFlags": 0,
    "_parent": {
      "__id__": 1
    },
    "_children": [],
    "_active": true,
    "_components": [
      {
        "__id__": 3
      },
      {
        "__id__": 4
      }
    ],
    "_prefab": {
      "__id__": 5
    },
    "_opacity": 255,
    "_color": {
      "__type__": "cc.Color",
      "r": 255,
      "g": 255,
      "b": 255,
      "a": 255
    },
    "_contentSize": {
      "__type__": "cc.Size",
      "width": 340,
      "height": 230
    },
    "_anchorPoint": {
      "__type__": "cc.Vec2",
      "x": 0,
      "y": 1
    },
    "_trs": {
      "__type__": "TypedArray",
      "ctor": "Float64Array",
      "array": [
        -298.06,
        -1078.598,
        0,
        0,
        0,
        0,
        1,
        1.981,
        1.981,
        1.981
      ]
    },
    "_eulerAngles": {
      "__type__": "cc.Vec3",
      "x": 0,
      "y": 0,
      "z": 0
    },
    "_skewX": 0,
    "_skewY": 0,
    "_is3DNode": false,
    "_groupIndex": 0,
    "groupIndex": 0,
    "_id": ""
  },
  {
    "__type__": "cc.Sprite",
    "_name": "",
    "_objFlags": 0,
    "node": {
      "__id__": 2
    },
    "_enabled": true,
    "_materials": [],
    "_srcBlendFactor": 770,
    "_dstBlendFactor": 771,
    "_spriteFrame": null,
    "_type": 1,
    "_sizeMode": 0,
    "_fillType": 0,
    "_fillCenter": {
      "__type__": "cc.Vec2",
      "x": 0,
      "y": 0
    },
    "_fillStart": 0,
    "_fillRange": 0,
    "_isTrimmedMode": true,
    "_atlas": null,
    "_id": ""
  },
  {
    "__type__": "cc.Layout",
    "_name": "",
    "_objFlags": 0,
    "node": {
      "__id__": 2
    },
    "_enabled": true,
    "_layoutSize": {
      "__type__": "cc.Size",
      "width": 340,
      "height": 230
    },
    "_resize": 2,
    "_N$layoutType": 3,
    "_N$padding": 0,
    "_N$cellSize": {
      "__type__": "cc.Size",
      "width": 15,
      "height": 15
    },
    "_N$startAxis": 0,
    "_N$paddingLeft": 0,
    "_N$paddingRight": 0,
    "_N$paddingTop": 0,
    "_N$paddingBottom": 0,
    "_N$spacingX": 1,
    "_N$spacingY": 1,
    "_N$verticalDirection": 1,
    "_N$horizontalDirection": 0,
    "_N$affectedByScale": false,
    "_id": ""
  },
  {
    "__type__": "cc.PrefabInfo",
    "root": {
      "__id__": 1
    },
    "asset": {
      "__uuid__": "11f6a371-4f92-4191-871b-70355f7f046c"
    },
    "fileId": "a6Av6S4rdHe5uaWMxUtLNw",
    "sync": false
  },
  {
    "__type__": "cc.Node",
    "_name": "goblin",
    "_objFlags": 0,
    "_parent": {
      "__id__": 1
    },
    "_children": [
      {
        "__id__": 7
      }
    ],
    "_active": true,
    "_components": [
      {
        "__id__": 11
      },
      {
        "__id__": 12
      },
      {
        "__id__": 13
      },
      {
        "__id__": 14
      },
      {
        "__id__": 15
      }
    ],
    "_prefab": {
      "__id__": 16
    },
    "_opacity": 255,
    "_color": {
      "__type__": "cc.Color",
      "r": 255,
      "g": 255,
      "b": 255,
      "a": 255
    },
    "_contentSize": {
      "__type__": "cc.Size",
      "width": 25,
      "height": 29
    },
    "_anchorPoint": {
      "__type__": "cc.Vec2",
      "x": 0.5,
      "y": 0.5
    },
    "_trs": {
      "__type__": "TypedArray",
      "ctor": "Float64Array",
      "array": [
        30.819,
        -1301.227,
        0,
        0,
        0,
        0,
        1,
        2.408,
        2.408,
        2.408
      ]
    },
    "_eulerAngles": {
      "__type__": "cc.Vec3",
      "x": 0,
      "y": 0,
      "z": 0
    },
    "_skewX": 0,
    "_skewY": 0,
    "_is3DNode": false,
    "_groupIndex": 2,
    "groupIndex": 2,
    "_id": ""
  },
  {
    "__type__": "cc.Node",
    "_name": "player_gun1",
    "_objFlags": 0,
    "_parent": {
      "__id__": 6
    },
    "_children": [],
    "_active": true,
    "_components": [
      {
        "__id__": 8
      },
      {
        "__id__": 9
      }
    ],
    "_prefab": {
      "__id__": 10
    },
    "_opacity": 255,
    "_color": {
      "__type__": "cc.Color",
      "r": 255,
      "g": 255,
      "b": 255,
      "a": 255
    },
    "_contentSize": {
      "__type__": "cc.Size",
      "width": 118,
      "height": 41
    },
    "_anchorPoint": {
      "__type__": "cc.Vec2",
      "x": 0.14604033407368017,
      "y": 0.42163369495154635
    },
    "_trs": {
      "__type__": "TypedArray",
      "ctor": "Float64Array",
      "array": [
        0,
        -9.116,
        0,
        0,
        0,
        0,
        1,
        0.41528365446400006,
        0.41528365446400006,
        0.41528365446400006
      ]
    },
    "_eulerAngles": {
      "__type__": "cc.Vec3",
      "x": 0,
      "y": 0,
      "z": 0
    },
    "_skewX": 0,
    "_skewY": 0,
    "_is3DNode": false,
    "_groupIndex": 2,
    "groupIndex": 2,
    "_id": ""
  },
  {
    "__type__": "cc.Sprite",
    "_name": "",
    "_objFlags": 0,
    "node": {
      "__id__": 7
    },
    "_enabled": true,
    "_materials": [
      {
        "__uuid__": "eca5d2f2-8ef6-41c2-bbe6-f9c79d09c432"
      }
    ],
    "_srcBlendFactor": 770,
    "_dstBlendFactor": 771,
    "_spriteFrame": {
      "__uuid__": "d81c302b-8147-4fd3-a631-952b610aefce"
    },
    "_type": 0,
    "_sizeMode": 1,
    "_fillType": 0,
    "_fillCenter": {
      "__type__": "cc.Vec2",
      "x": 0,
      "y": 0
    },
    "_fillStart": 0,
    "_fillRange": 0,
    "_isTrimmedMode": true,
    "_atlas": null,
    "_id": ""
  },
  {
    "__type__": "cc.Animation",
    "_name": "",
    "_objFlags": 0,
    "node": {
      "__id__": 7
    },
    "_enabled": true,
    "_defaultClip": {
      "__uuid__": "d90bc293-a2b3-41d4-ba2b-dacfab002d8c"
    },
    "_clips": [
      {
        "__uuid__": "21b61ec8-24ab-4747-ab41-b7e356bfb810"
      },
      {
        "__uuid__": "d90bc293-a2b3-41d4-ba2b-dacfab002d8c"
      }
    ],
    "playOnLoad": false,
    "_id": ""
  },
  {
    "__type__": "cc.PrefabInfo",
    "root": {
      "__id__": 1
    },
    "asset": {
      "__uuid__": "11f6a371-4f92-4191-871b-70355f7f046c"
    },
    "fileId": "87uUUSI+VNkYryhJolVyk1",
    "sync": false
  },
  {
    "__type__": "cc.Sprite",
    "_name": "",
    "_objFlags": 0,
    "node": {
      "__id__": 6
    },
    "_enabled": true,
    "_materials": [
      {
        "__uuid__": "eca5d2f2-8ef6-41c2-bbe6-f9c79d09c432"
      }
    ],
    "_srcBlendFactor": 770,
    "_dstBlendFactor": 771,
    "_spriteFrame": {
      "__uuid__": "e037acfe-ebb7-4c90-a9cc-44d7f4246a26"
    },
    "_type": 0,
    "_sizeMode": 1,
    "_fillType": 0,
    "_fillCenter": {
      "__type__": "cc.Vec2",
      "x": 0,
      "y": 0
    },
    "_fillStart": 0,
    "_fillRange": 0,
    "_isTrimmedMode": true,
    "_atlas": null,
    "_id": ""
  },
  {
    "__type__": "cc.Animation",
    "_name": "",
    "_objFlags": 0,
    "node": {
      "__id__": 6
    },
    "_enabled": true,
    "_defaultClip": {
      "__uuid__": "8cb6b535-a862-4d2b-8b57-e5c5bd9ffee8"
    },
    "_clips": [
      {
        "__uuid__": "8cb6b535-a862-4d2b-8b57-e5c5bd9ffee8"
      },
      {
        "__uuid__": "2588d28f-7c1b-4e88-ae8d-094a7b006630"
      },
      {
        "__uuid__": "0f3ea537-a200-44fa-9858-023a13f43d60"
      }
    ],
    "playOnLoad": true,
    "_id": ""
  },
  {
    "__type__": "cc.RigidBody",
    "_name": "",
    "_objFlags": 0,
    "node": {
      "__id__": 6
    },
    "_enabled": true,
    "_type": 1,
    "_allowSleep": true,
    "_gravityScale": 1,
    "_linearDamping": 0,
    "_angularDamping": 0,
    "_linearVelocity": {
      "__type__": "cc.Vec2",
      "x": 0,
      "y": 0
    },
    "_angularVelocity": 0,
    "_fixedRotation": true,
    "enabledContactListener": true,
    "bullet": false,
    "awakeOnLoad": true,
    "_id": ""
  },
  {
    "__type__": "cc.PhysicsBoxCollider",
    "_name": "",
    "_objFlags": 0,
    "node": {
      "__id__": 6
    },
    "_enabled": true,
    "tag": 13,
    "_density": 1,
    "_sensor": true,
    "_friction": 0.2,
    "_restitution": 0,
    "body": null,
    "_offset": {
      "__type__": "cc.Vec2",
      "x": 0,
      "y": -1
    },
    "_size": {
      "__type__": "cc.Size",
      "width": 18.6,
      "height": 27
    },
    "_id": ""
  },
  {
    "__type__": "9a4eaPoJl1Mb5BZmru3yidg",
    "_name": "",
    "_objFlags": 0,
    "node": {
      "__id__": 6
    },
    "_enabled": true,
    "attackSE": {
      "__uuid__": "6873997f-5cb5-4919-93ee-4b67e08b0a23"
    },
    "deadSE": {
      "__uuid__": "9b96b3f3-60a0-49dd-8eeb-28a79ccb5742"
    },
    "coinPrefab": {
      "__uuid__": "09bb850e-8d69-4134-b8c3-5f68bc1bb782"
    },
    "energyPrefab": {
      "__uuid__": "370fe70f-6a50-46cd-bf3b-e84cd32b61bd"
    },
    "eCell": {
      "__uuid__": "e938bb90-a22f-4583-9da3-06533dcec92a"
    },
    "eLayout": {
      "__id__": 2
    },
    "layoutWidth": 21,
    "layoutHeight": 15,
    "startX": 10,
    "startY": 7,
    "mObstacles": [
      {
        "__type__": "cc.Vec2",
        "x": 4,
        "y": 5
      },
      {
        "__type__": "cc.Vec2",
        "x": 4,
        "y": 6
      },
      {
        "__type__": "cc.Vec2",
        "x": 5,
        "y": 5
      },
      {
        "__type__": "cc.Vec2",
        "x": 5,
        "y": 6
      },
      {
        "__type__": "cc.Vec2",
        "x": 6,
        "y": 4
      },
      {
        "__type__": "cc.Vec2",
        "x": 6,
        "y": 5
      },
      {
        "__type__": "cc.Vec2",
        "x": 7,
        "y": 4
      },
      {
        "__type__": "cc.Vec2",
        "x": 7,
        "y": 5
      },
      {
        "__type__": "cc.Vec2",
        "x": 7,
        "y": 9
      },
      {
        "__type__": "cc.Vec2",
        "x": 7,
        "y": 10
      },
      {
        "__type__": "cc.Vec2",
        "x": 8,
        "y": 3
      },
      {
        "__type__": "cc.Vec2",
        "x": 8,
        "y": 4
      },
      {
        "__type__": "cc.Vec2",
        "x": 8,
        "y": 10
      },
      {
        "__type__": "cc.Vec2",
        "x": 8,
        "y": 11
      },
      {
        "__type__": "cc.Vec2",
        "x": 9,
        "y": 10
      },
      {
        "__type__": "cc.Vec2",
        "x": 9,
        "y": 11
      },
      {
        "__type__": "cc.Vec2",
        "x": 10,
        "y": 9
      },
      {
        "__type__": "cc.Vec2",
        "x": 10,
        "y": 10
      },
      {
        "__type__": "cc.Vec2",
        "x": 11,
        "y": 10
      },
      {
        "__type__": "cc.Vec2",
        "x": 11,
        "y": 11
      },
      {
        "__type__": "cc.Vec2",
        "x": 12,
        "y": 3
      },
      {
        "__type__": "cc.Vec2",
        "x": 12,
        "y": 4
      },
      {
        "__type__": "cc.Vec2",
        "x": 12,
        "y": 10
      },
      {
        "__type__": "cc.Vec2",
        "x": 12,
        "y": 11
      },
      {
        "__type__": "cc.Vec2",
        "x": 13,
        "y": 4
      },
      {
        "__type__": "cc.Vec2",
        "x": 13,
        "y": 5
      },
      {
        "__type__": "cc.Vec2",
        "x": 13,
        "y": 9
      },
      {
        "__type__": "cc.Vec2",
        "x": 13,
        "y": 10
      },
      {
        "__type__": "cc.Vec2",
        "x": 14,
        "y": 4
      },
      {
        "__type__": "cc.Vec2",
        "x": 14,
        "y": 5
      },
      {
        "__type__": "cc.Vec2",
        "x": 15,
        "y": 5
      },
      {
        "__type__": "cc.Vec2",
        "x": 15,
        "y": 6
      },
      {
        "__type__": "cc.Vec2",
        "x": 16,
        "y": 5
      },
      {
        "__type__": "cc.Vec2",
        "x": 16,
        "y": 6
      }
    ],
    "bullet": {
      "__uuid__": "d0b2e64b-922f-4e84-b767-44cb269d2975"
    },
    "gun": {
      "__id__": 7
    },
    "contact": null,
    "_id": ""
  },
  {
    "__type__": "cc.PrefabInfo",
    "root": {
      "__id__": 1
    },
    "asset": {
      "__uuid__": "11f6a371-4f92-4191-871b-70355f7f046c"
    },
    "fileId": "0cdRT8HqhIqaxCBlxm5i/0",
    "sync": false
  },
  {
    "__type__": "cc.PrefabInfo",
    "root": {
      "__id__": 1
    },
    "asset": {
      "__uuid__": "11f6a371-4f92-4191-871b-70355f7f046c"
    },
    "fileId": "ccRXK3vYZD/oS12fOeG1Su",
    "sync": false
  }
]