[
  {
    "__type__": "cc.Prefab",
    "_name": "",
    "_objFlags": 0,
    "_native": "",
    "data": {
      "__id__": 1
    },
    "optimizationPolicy": 0,
    "asyncLoadAssets": false,
    "readonly": false
  },
  {
    "__type__": "cc.Node",
    "_name": "mapPig_3",
    "_objFlags": 0,
    "_parent": null,
    "_children": [
      {
        "__id__": 2
      },
      {
        "__id__": 6
      }
    ],
    "_active": true,
    "_components": [],
    "_prefab": {
      "__id__": 13
    },
    "_opacity": 255,
    "_color": {
      "__type__": "cc.Color",
      "r": 255,
      "g": 255,
      "b": 255,
      "a": 255
    },
    "_contentSize": {
      "__type__": "cc.Size",
      "width": 0,
      "height": 0
    },
    "_anchorPoint": {
      "__type__": "cc.Vec2",
      "x": 0.5,
      "y": 0.5
    },
    "_trs": {
      "__type__": "TypedArray",
      "ctor": "Float64Array",
      "array": [
        -56.67744,
        660.9687,
        0,
        0,
        0,
        0,
        1,
        0.5048,
        0.5048,
        1
      ]
    },
    "_eulerAngles": {
      "__type__": "cc.Vec3",
      "x": 0,
      "y": 0,
      "z": 0
    },
    "_skewX": 0,
    "_skewY": 0,
    "_is3DNode": false,
    "_groupIndex": 0,
    "groupIndex": 0,
    "_id": ""
  },
  {
    "__type__": "cc.Node",
    "_name": "layout",
    "_objFlags": 0,
    "_parent": {
      "__id__": 1
    },
    "_children": [],
    "_active": true,
    "_components": [
      {
        "__id__": 3
      },
      {
        "__id__": 4
      }
    ],
    "_prefab": {
      "__id__": 5
    },
    "_opacity": 255,
    "_color": {
      "__type__": "cc.Color",
      "r": 255,
      "g": 255,
      "b": 255,
      "a": 255
    },
    "_contentSize": {
      "__type__": "cc.Size",
      "width": 340,
      "height": 230
    },
    "_anchorPoint": {
      "__type__": "cc.Vec2",
      "x": 0,
      "y": 1
    },
    "_trs": {
      "__type__": "TypedArray",
      "ctor": "Float64Array",
      "array": [
        -298.06,
        -1078.598,
        0,
        0,
        0,
        0,
        1,
        1.981,
        1.981,
        1.981
      ]
    },
    "_eulerAngles": {
      "__type__": "cc.Vec3",
      "x": 0,
      "y": 0,
      "z": 0
    },
    "_skewX": 0,
    "_skewY": 0,
    "_is3DNode": false,
    "_groupIndex": 0,
    "groupIndex": 0,
    "_id": ""
  },
  {
    "__type__": "cc.Sprite",
    "_name": "",
    "_objFlags": 0,
    "node": {
      "__id__": 2
    },
    "_enabled": true,
    "_materials": [],
    "_srcBlendFactor": 770,
    "_dstBlendFactor": 771,
    "_spriteFrame": null,
    "_type": 1,
    "_sizeMode": 0,
    "_fillType": 0,
    "_fillCenter": {
      "__type__": "cc.Vec2",
      "x": 0,
      "y": 0
    },
    "_fillStart": 0,
    "_fillRange": 0,
    "_isTrimmedMode": true,
    "_atlas": null,
    "_id": ""
  },
  {
    "__type__": "cc.Layout",
    "_name": "",
    "_objFlags": 0,
    "node": {
      "__id__": 2
    },
    "_enabled": true,
    "_layoutSize": {
      "__type__": "cc.Size",
      "width": 340,
      "height": 230
    },
    "_resize": 2,
    "_N$layoutType": 3,
    "_N$padding": 0,
    "_N$cellSize": {
      "__type__": "cc.Size",
      "width": 15,
      "height": 15
    },
    "_N$startAxis": 0,
    "_N$paddingLeft": 0,
    "_N$paddingRight": 0,
    "_N$paddingTop": 0,
    "_N$paddingBottom": 0,
    "_N$spacingX": 1,
    "_N$spacingY": 1,
    "_N$verticalDirection": 1,
    "_N$horizontalDirection": 0,
    "_N$affectedByScale": false,
    "_id": ""
  },
  {
    "__type__": "cc.PrefabInfo",
    "root": {
      "__id__": 1
    },
    "asset": {
      "__uuid__": "088715bb-6ece-4978-b9a5-bcbb8314747a"
    },
    "fileId": "21z93fXoZM47B1gUxSvNBo",
    "sync": false
  },
  {
    "__type__": "cc.Node",
    "_name": "pig",
    "_objFlags": 0,
    "_parent": {
      "__id__": 1
    },
    "_children": [],
    "_active": true,
    "_components": [
      {
        "__id__": 7
      },
      {
        "__id__": 8
      },
      {
        "__id__": 9
      },
      {
        "__id__": 10
      },
      {
        "__id__": 11
      }
    ],
    "_prefab": {
      "__id__": 12
    },
    "_opacity": 255,
    "_color": {
      "__type__": "cc.Color",
      "r": 255,
      "g": 255,
      "b": 255,
      "a": 255
    },
    "_contentSize": {
      "__type__": "cc.Size",
      "width": 42,
      "height": 32
    },
    "_anchorPoint": {
      "__type__": "cc.Vec2",
      "x": 0.5,
      "y": 0.5
    },
    "_trs": {
      "__type__": "TypedArray",
      "ctor": "Float64Array",
      "array": [
        261.953,
        -1161.627,
        0,
        0,
        0,
        0,
        1,
        2.408,
        2.408,
        1
      ]
    },
    "_eulerAngles": {
      "__type__": "cc.Vec3",
      "x": 0,
      "y": 0,
      "z": 0
    },
    "_skewX": 0,
    "_skewY": 0,
    "_is3DNode": false,
    "_groupIndex": 2,
    "groupIndex": 2,
    "_id": ""
  },
  {
    "__type__": "cc.Sprite",
    "_name": "",
    "_objFlags": 0,
    "node": {
      "__id__": 6
    },
    "_enabled": true,
    "_materials": [
      {
        "__uuid__": "eca5d2f2-8ef6-41c2-bbe6-f9c79d09c432"
      }
    ],
    "_srcBlendFactor": 770,
    "_dstBlendFactor": 771,
    "_spriteFrame": {
      "__uuid__": "06e2b17f-f39f-4591-b4fc-b7abadbf0ceb"
    },
    "_type": 0,
    "_sizeMode": 1,
    "_fillType": 0,
    "_fillCenter": {
      "__type__": "cc.Vec2",
      "x": 0,
      "y": 0
    },
    "_fillStart": 0,
    "_fillRange": 0,
    "_isTrimmedMode": true,
    "_atlas": null,
    "_id": ""
  },
  {
    "__type__": "cc.Animation",
    "_name": "",
    "_objFlags": 0,
    "node": {
      "__id__": 6
    },
    "_enabled": true,
    "_defaultClip": {
      "__uuid__": "ea80d77f-d8bf-4535-9b4e-4c303da638b0"
    },
    "_clips": [
      {
        "__uuid__": "ea80d77f-d8bf-4535-9b4e-4c303da638b0"
      },
      {
        "__uuid__": "9159529c-c516-484e-85cd-570fec3953e7"
      },
      {
        "__uuid__": "676dc03c-7eaf-4a08-8940-f23c8f108148"
      },
      {
        "__uuid__": "6807b7bd-384d-424e-853c-64301d712f84"
      }
    ],
    "playOnLoad": true,
    "_id": ""
  },
  {
    "__type__": "7df63jXOx5Lhak7Vw9q0JXM",
    "_name": "",
    "_objFlags": 0,
    "node": {
      "__id__": 6
    },
    "_enabled": true,
    "attackSE": {
      "__uuid__": "b8e23cd9-5c61-4589-acc6-5b6c32105c1f"
    },
    "deadSE": {
      "__uuid__": "fb0d9e08-4612-47ac-a884-20ea3b673153"
    },
    "coinPrefab": {
      "__uuid__": "09bb850e-8d69-4134-b8c3-5f68bc1bb782"
    },
    "energyPrefab": {
      "__uuid__": "370fe70f-6a50-46cd-bf3b-e84cd32b61bd"
    },
    "eCell": {
      "__uuid__": "e938bb90-a22f-4583-9da3-06533dcec92a"
    },
    "eLayout": {
      "__id__": 2
    },
    "layoutWidth": 21,
    "layoutHeight": 15,
    "startX": 14,
    "startY": 5,
    "mObstacles": [
      {
        "__type__": "cc.Vec2",
        "x": 4,
        "y": 5
      },
      {
        "__type__": "cc.Vec2",
        "x": 4,
        "y": 6
      },
      {
        "__type__": "cc.Vec2",
        "x": 5,
        "y": 5
      },
      {
        "__type__": "cc.Vec2",
        "x": 5,
        "y": 6
      },
      {
        "__type__": "cc.Vec2",
        "x": 6,
        "y": 4
      },
      {
        "__type__": "cc.Vec2",
        "x": 6,
        "y": 5
      },
      {
        "__type__": "cc.Vec2",
        "x": 7,
        "y": 4
      },
      {
        "__type__": "cc.Vec2",
        "x": 7,
        "y": 5
      },
      {
        "__type__": "cc.Vec2",
        "x": 7,
        "y": 9
      },
      {
        "__type__": "cc.Vec2",
        "x": 7,
        "y": 10
      },
      {
        "__type__": "cc.Vec2",
        "x": 8,
        "y": 3
      },
      {
        "__type__": "cc.Vec2",
        "x": 8,
        "y": 4
      },
      {
        "__type__": "cc.Vec2",
        "x": 8,
        "y": 10
      },
      {
        "__type__": "cc.Vec2",
        "x": 8,
        "y": 11
      },
      {
        "__type__": "cc.Vec2",
        "x": 9,
        "y": 10
      },
      {
        "__type__": "cc.Vec2",
        "x": 9,
        "y": 11
      },
      {
        "__type__": "cc.Vec2",
        "x": 10,
        "y": 9
      },
      {
        "__type__": "cc.Vec2",
        "x": 10,
        "y": 10
      },
      {
        "__type__": "cc.Vec2",
        "x": 11,
        "y": 10
      },
      {
        "__type__": "cc.Vec2",
        "x": 11,
        "y": 11
      },
      {
        "__type__": "cc.Vec2",
        "x": 12,
        "y": 3
      },
      {
        "__type__": "cc.Vec2",
        "x": 12,
        "y": 4
      },
      {
        "__type__": "cc.Vec2",
        "x": 12,
        "y": 10
      },
      {
        "__type__": "cc.Vec2",
        "x": 12,
        "y": 11
      },
      {
        "__type__": "cc.Vec2",
        "x": 13,
        "y": 4
      },
      {
        "__type__": "cc.Vec2",
        "x": 13,
        "y": 5
      },
      {
        "__type__": "cc.Vec2",
        "x": 13,
        "y": 9
      },
      {
        "__type__": "cc.Vec2",
        "x": 13,
        "y": 10
      },
      {
        "__type__": "cc.Vec2",
        "x": 14,
        "y": 4
      },
      {
        "__type__": "cc.Vec2",
        "x": 14,
        "y": 5
      },
      {
        "__type__": "cc.Vec2",
        "x": 15,
        "y": 5
      },
      {
        "__type__": "cc.Vec2",
        "x": 15,
        "y": 6
      },
      {
        "__type__": "cc.Vec2",
        "x": 16,
        "y": 5
      },
      {
        "__type__": "cc.Vec2",
        "x": 16,
        "y": 6
      }
    ],
    "_id": ""
  },
  {
    "__type__": "cc.RigidBody",
    "_name": "",
    "_objFlags": 0,
    "node": {
      "__id__": 6
    },
    "_enabled": true,
    "_type": 1,
    "_allowSleep": true,
    "_gravityScale": 1,
    "_linearDamping": 0,
    "_angularDamping": 0,
    "_linearVelocity": {
      "__type__": "cc.Vec2",
      "x": 0,
      "y": 0
    },
    "_angularVelocity": 0,
    "_fixedRotation": true,
    "enabledContactListener": true,
    "bullet": false,
    "awakeOnLoad": true,
    "_id": ""
  },
  {
    "__type__": "cc.PhysicsBoxCollider",
    "_name": "",
    "_objFlags": 0,
    "node": {
      "__id__": 6
    },
    "_enabled": true,
    "tag": 11,
    "_density": 1,
    "_sensor": true,
    "_friction": 0.2,
    "_restitution": 0,
    "body": null,
    "_offset": {
      "__type__": "cc.Vec2",
      "x": 1.1,
      "y": -0.4
    },
    "_size": {
      "__type__": "cc.Size",
      "width": 24.1,
      "height": 22
    },
    "_id": ""
  },
  {
    "__type__": "cc.PrefabInfo",
    "root": {
      "__id__": 1
    },
    "asset": {
      "__uuid__": "088715bb-6ece-4978-b9a5-bcbb8314747a"
    },
    "fileId": "59YhWSH8pOCrGL5qcgVxLd",
    "sync": false
  },
  {
    "__type__": "cc.PrefabInfo",
    "root": {
      "__id__": 1
    },
    "asset": {
      "__uuid__": "088715bb-6ece-4978-b9a5-bcbb8314747a"
    },
    "fileId": "96fdA8qAhA2ILgVJMhKVhT",
    "sync": false
  }
]